@article{mayes2018multiscale,
  title={Multiscale kinetic modeling reveals an ensemble of {Cl}--/{H}+ exchange pathways in {ClC-ec1} antiporter},
  author={Mayes, Heather B and Lee, Sangyun and White, Andrew D and Voth, Gregory A and Swanson, Jessica MJ},
  journal={Journal of the American Chemical Society},
  volume={140},
  number={5},
  pages={1793--1804},
  year={2018},
  publisher={ACS Publications}
}

@article{virtanen2020scipy,
  title={{SciPy} 1.0: fundamental algorithms for scientific computing in Python},
  author={Virtanen, Pauli and Gommers, Ralf and Oliphant, Travis E and Haberland, Matt and Reddy, Tyler and Cournapeau, David and Burovski, Evgeni and Peterson, Pearu and Weckesser, Warren and Bright, Jonathan and others},
  journal={Nature methods},
  volume={17},
  number={3},
  pages={261--272},
  year={2020},
  publisher={Nature Publishing Group}
}

@article{lim2009intracellular,
  title={Intracellular proton-transfer mutants in a {CLC} {Cl}-/{H}+ exchanger},
  author={Lim, Hyun-Ho and Miller, Christopher},
  journal={Journal of General Physiology},
  volume={133},
  number={2},
  pages={131--138},
  year={2009},
  publisher={The Rockefeller University Press}
}

@article{bernardi2021cycflowdec,
  title={{CycFlowDec:} A Python module for decomposing flow networks using simple cycles},
  author={Bernardi, Austen and Swanson, Jessica MJ},
  journal={SoftwareX},
  volume={14},
  pages={100676},
  year={2021},
  publisher={Elsevier}
}

@article{houska2015spotting,
  title={{SPOTting} model parameters using a ready-made python package},
  author={Houska, Tobias and Kraft, Philipp and Chamorro-Chavez, Alejandro and Breuer, Lutz},
  journal={PloS one},
  volume={10},
  number={12},
  pages={e0145180},
  year={2015},
  publisher={Public Library of Science San Francisco, CA USA}
}