@article{mayes2018multiscale,
  title={Multiscale kinetic modeling reveals an ensemble of Cl--/H+ exchange pathways in ClC-ec1 antiporter},
  author={Mayes, Heather B and Lee, Sangyun and White, Andrew D and Voth, Gregory A and Swanson, Jessica MJ},
  journal={Journal of the American Chemical Society},
  volume={140},
  number={5},
  pages={1793--1804},
  year={2018},
  publisher={ACS Publications}
}

@article{lim2009intracellular,
  title={Intracellular proton-transfer mutants in a CLC Cl-/H+ exchanger},
  author={Lim, Hyun-Ho and Miller, Christopher},
  journal={Journal of General Physiology},
  volume={133},
  number={2},
  pages={131--138},
  year={2009},
  publisher={The Rockefeller University Press}
}
